@article{Ren2000,
  author    = {Ren, Jingshan
               and Milton, John
               and Weaver, Kurt L.
               and Short, Steven A.
               and Stuart, David I.
               and Stammers, David K.},
  title     = {Structural Basis for the Resilience of Efavirenz (DMP-266) to Drug Resistance Mutations in HIV-1 Reverse Transcriptase},
  journal   = {Structure},
  year      = {2000},
  month     = {Oct},
  day       = {01},
  publisher = {Elsevier},
  volume    = {8},
  number    = {10},
  pages     = {1089-1094},
  issn      = {0969-2126},
  doi       = {10.1016/S0969-2126(00)00513-X},
  url       = {https://doi.org/10.1016/S0969-2126(00)00513-X}
}

@article{pmid3040055,
  author  = {Ratner, L.  and Fisher, A.  and Jagodzinski, L. L.  and Mitsuya, H.  and Liou, R. S.  and Gallo, R. C.  and Wong-Staal, F. },
  title   = {{{C}omplete nucleotide sequences of functional clones of the {A}{I}{D}{S} virus}},
  journal = {AIDS Res Hum Retroviruses},
  year    = {1987},
  volume  = {3},
  number  = {1},
  pages   = {57--69}
}


@unknown{Amber,
  author = {Case, David and Aktulga, H. Metin and Belfon, Kellon and Ben-Shalom, Ido and Brozell, Scott and Cerutti, David and Cheatham, Thomas and Cruzeiro, Vinícius and Darden, Tom and Duke, Robert and Giambasu, George and Gilson, Michael and Gohlke, Holger and Götz, Andreas and Harris, Robert and Izadi, Saeed and Izmailov, Sergei and Jin, Chi and Kasavajhala, Koushik and Kollman, Peter},
  year   = {2021},
  month  = {04},
  pages  = {},
  title  = {Amber 2021},
  doi    = {10.13140/RG.2.2.15902.66881}
}
